@article{knuth84,
  author = {Knuth, Donald E.},
  title = {Literate Programming},
  year = {1984},
  issue_date = {May 1984},
  publisher = {Oxford University Press, Inc.},
  address = {USA},
  volume = {27},
  number = {2},
  issn = {0010-4620},
  url = {https://doi.org/10.1093/comjnl/27.2.97},
  doi = {10.1093/comjnl/27.2.97},
  journal = {Comput. J.},
  month = may,
  pages = {97–111},
  numpages = {15}
}



@article{sipsas,
	title = {Perspectives for the management of febrile neutropenic patients with cancer in the 21st century},
	author = {Sipsas, Nikolaos V. and Bodey, Gerald P. and Kontoyiannis, Dimitrios P.},
	year = {2005},
	month = {01},
	date = {2005-01-21},
	journal = {Cancer},
	pages = {1103--1113},
	volume = {103},
	number = {6},
	doi = {10.1002/cncr.20890},
	url = {http://dx.doi.org/10.1002/cncr.20890},
	langid = {en}
}

@article{bernardi2024,
	title = {Biomarkers for Serious Bacterial Infections in Febrile Children},
	author = {Bernardi, Luca and {Bossù}, Gianluca and Dal Canto, Giulia and {Giannì}, Giuliana and Esposito, Susanna},
	year = {2024},
	month = {01},
	date = {2024-01-12},
	journal = {Biomolecules},
	pages = {97},
	volume = {14},
	number = {1},
	doi = {10.3390/biom14010097},
	url = {http://dx.doi.org/10.3390/biom14010097},
	langid = {en}
}
